@article{mfcc,
    title={The Use of Mel-frequency Cepstral Coefficients in Musical Instrument Identification},
    volume={2008},
    journal={International Computer Music Association},
    author={Róisín Loughran and Jacqueline Walker and Michael O'Neill and O’Farrell},
    year={2008},
}

@article{pianotimbre,
    title={Spectrum analysis and tone quality evaluation of piano sounds with hard and soft touches},
    journal = {Acoustical Science and Technology},
    volume = {28},
    year={2007},
    author = {Hideo Suzuki},
}

@article{pitchdetectionreview,
    title={Pitch Detection Methods Review},
    author={Patricio de la Cudra},
    journal={},
    url={https://ccrma.stanford.edu/~pdelac/154/m154paper.htm#_ftn9},
    note={Accessed 2021-10-27 18:08},
}
