@article{bernays14,
author = {Bernays, Michel and Traube, Caroline},
year = {2014},
month = {03},
pages = {157},
title = {Investigating pianists' individuality in the performance of five timbral nuances through patterns of articulation, touch, dynamics, and pedaling},
volume = {5},
journal = {Frontiers in psychology},
doi = {10.3389/fpsyg.2014.00157}
}

